% Encoding: UTF-8

@Article{Costales2012,
  author  = {Rivera Costales},
  title   = {Mapa de medios digitales del Ecuador},
  journal = {Ciespal},
  year    = {2012},
}

@Article{Bunnell2000,
  author  = {Bunnell, David},
  title   = {Making the Cisco Connection. The story behind the real Internet SuperpowerCisco},
  journal = {Cisco press},
  year    = {2000},
}

@Article{Dewit2001,
  author  = {Dewit, Roy},
  title   = {The impact of interface usuability on trust in web retailers},
  journal = {Internet Research: Electronic Networking Applications and Policy},
  year    = {2001},
}

@Comment{jabref-meta: databaseType:bibtex;}
